@online{adobe-motion-graphics,
  author = {{Adobe}},
  title = {What Is Motion Graphics?},
  year = {2025},
  url = {https://www.adobe.com/uk/creativecloud/animation/discover/motion-graphics.html},
  note = {Accessed 05. 08}
}

@book{learn-opengl,
  author = {Joey de Vries},
  title = {Learn OpenGL - Graphics Programming},
  publisher = {Kendall \& Welling},
  year = {2020},
  url = {https://learnopengl.com/book/book_pdf.pdf}
}

@online{mdn-canvas-api,
  author = {{Mozilla}},
  title = {Canvas API},
  url = {https://developer.mozilla.org/en-US/docs/Web/API/Canvas_API},
}

@online{svelte,
  author = {{Svelte}},
  title = {"web development for the rest of us"},
  url = {https://svelte.dev/},
}

@online{easings,
  author = {{Andrey Sitnik and Ivan Solovev}},
  title = {easings.net},
  url = {https://easings.net/},
}

@online{conway,
    author = {{Nathaniel Johnston and Dave Greene}},
    title = {Conway's Game of Life},
    url = {https://conwaylife.com/book/},
}

@online{boids,
    author = {{Craig Reynolds}},
    title = {Boids},
    url = {https://www.red3d.com/cwr/boids/},
}

% wikipedia bad I know
@online{spatial-grid,
    author = {{Wikipedia contributors}},
    title = {Grid (spatial index)},
    url = {https://en.wikipedia.org/wiki/Grid_(spatial_index)},
}
